@article{baldeweg2006repetition,
  title={Repetition effects to sounds: evidence for predictive coding in the auditory system.},
  author={Baldeweg, Torsten},
  journal={Trends in cognitive sciences},
  year={2006},
  publisher={Elsevier Science}
}

@article{garson1996cognition,
  title={Cognition poised at the edge of chaos: A complex alternative to a symbolic mind},
  author={Garson, James W},
  journal={Philosophical Psychology},
  volume={9},
  number={3},
  pages={301--322},
  year={1996},
  publisher={Taylor \& Francis}
}